<?xml version="1.0" encoding="UTF-8"?><collection xmlns="http://www.loc.gov/MARC21/slim"><record><leader>00382nam--2200133-i-4500</leader><controlfield tag="001">000008124</controlfield><controlfield tag="002">20161230</controlfield><controlfield tag="005">20161230201027</controlfield><controlfield tag="008">060222s1000------------r-----000-0-eng-d</controlfield><datafield ind1=" " ind2=" " tag="080"><subfield code="a">061.62(047:520):621.039(047:520)</subfield></datafield><datafield ind1=" " ind2=" " tag="245"><subfield code="a">Atomic energy commission. tenth annual report 1965-1966</subfield></datafield><datafield ind1=" " ind2=" " tag="260"><subfield code="a">Tokyo, Atomic Energy Commission, 1967 110 P</subfield></datafield><datafield ind1=" " ind2=" " tag="490"><subfield code="a">Annual Report</subfield></datafield><datafield ind1=" " ind2=" " tag="852"><subfield code="a">27299</subfield></datafield></record></collection>